 @miscE{python program for line following | learn.parallax.com, title={Learn.parallax.com}, url={https://learn.parallax.com/tutorials/qti-line-follower-cyberbot/python-program-line-following}, journal={Python Program for Line Following | LEARN.PARALLAX.COM}} 
 
 @misc{pololu robotics &amp; electronics, title={Pololu Robotics and electronics}, url={https://www.pololu.com/}, journal={Pololu Robotics &amp; Electronics}}